%YAML 1.1
%TAG !u! tag:unity3d.com,2011:
--- !u!1 &152684164173917375
GameObject:
  m_ObjectHideFlags: 0
  m_CorrespondingSourceObject: {fileID: 0}
  m_PrefabInstance: {fileID: 0}
  m_PrefabAsset: {fileID: 0}
  serializedVersion: 6
  m_Component:
  - component: {fileID: 152684164173917372}
  - component: {fileID: 152684164173917373}
  - component: {fileID: 152684164173917370}
  - component: {fileID: 152684164173917371}
  - component: {fileID: 1110261506}
  m_Layer: 0
  m_Name: Level_manager
  m_TagString: Untagged
  m_Icon: {fileID: 0}
  m_NavMeshLayer: 0
  m_StaticEditorFlags: 0
  m_IsActive: 1
--- !u!4 &152684164173917372
Transform:
  m_ObjectHideFlags: 0
  m_CorrespondingSourceObject: {fileID: 0}
  m_PrefabInstance: {fileID: 0}
  m_PrefabAsset: {fileID: 0}
  m_GameObject: {fileID: 152684164173917375}
  m_LocalRotation: {x: 0, y: 0, z: 0, w: 1}
  m_LocalPosition: {x: 0, y: 0, z: 0}
  m_LocalScale: {x: 1, y: 1, z: 1}
  m_Children: []
  m_Father: {fileID: 0}
  m_RootOrder: 0
  m_LocalEulerAnglesHint: {x: 0, y: 0, z: 0}
--- !u!114 &152684164173917373
MonoBehaviour:
  m_ObjectHideFlags: 0
  m_CorrespondingSourceObject: {fileID: 0}
  m_PrefabInstance: {fileID: 0}
  m_PrefabAsset: {fileID: 0}
  m_GameObject: {fileID: 152684164173917375}
  m_Enabled: 1
  m_EditorHideFlags: 0
  m_Script: {fileID: 11500000, guid: 68c1253772e48374fbc7be129eb28829, type: 3}
  m_Name: 
  m_EditorClassIdentifier: 
  transform: {fileID: 0}
  enemyPrefab: {fileID: 3395207234878235323, guid: e454f96346cb7dc4ea51784e51518116,
    type: 3}
--- !u!114 &152684164173917370
MonoBehaviour:
  m_ObjectHideFlags: 0
  m_CorrespondingSourceObject: {fileID: 0}
  m_PrefabInstance: {fileID: 0}
  m_PrefabAsset: {fileID: 0}
  m_GameObject: {fileID: 152684164173917375}
  m_Enabled: 1
  m_EditorHideFlags: 0
  m_Script: {fileID: 11500000, guid: 4335a845873a83941bb35c3f7ccd74d2, type: 3}
  m_Name: 
  m_EditorClassIdentifier: 
--- !u!114 &152684164173917371
MonoBehaviour:
  m_ObjectHideFlags: 0
  m_CorrespondingSourceObject: {fileID: 0}
  m_PrefabInstance: {fileID: 0}
  m_PrefabAsset: {fileID: 0}
  m_GameObject: {fileID: 152684164173917375}
  m_Enabled: 1
  m_EditorHideFlags: 0
  m_Script: {fileID: 11500000, guid: e4810e5195824b44083d6c13764c6143, type: 3}
  m_Name: 
  m_EditorClassIdentifier: 
  transform: {fileID: 5126461621610698564, guid: b7546644df4e75b45b7b2ffd7ac89838,
    type: 3}
  healPrefab: {fileID: 4370426702003743752, guid: a19308659a6e316499499b7a217ff4f5,
    type: 3}
  firePowerPrefab: {fileID: 8574253269847803843, guid: 5e44a3cc1b2c32340b5595edd7d13a95,
    type: 3}
  timerFirePower: 5
  timerHeal: 6
--- !u!114 &1110261506
MonoBehaviour:
  m_ObjectHideFlags: 0
  m_CorrespondingSourceObject: {fileID: 0}
  m_PrefabInstance: {fileID: 0}
  m_PrefabAsset: {fileID: 0}
  m_GameObject: {fileID: 152684164173917375}
  m_Enabled: 1
  m_EditorHideFlags: 0
  m_Script: {fileID: 11500000, guid: 7960ef970f721d146a1b7f9b929be9d3, type: 3}
  m_Name: 
  m_EditorClassIdentifier: 
  transformSpawn: {fileID: 0}
  boss: {fileID: 5716444373854760558, guid: 773cf4baaa36d5d4298d00997e4b800c, type: 3}
  scoreAttendu: 20
